@article{visser2008beyond,
  title={Beyond frontier exploration},
  author={Visser, A. and Van Ittersum, M. and Gonz{\'a}lez Jaime, L. and Stancu,
L.},
  journal={RoboCup 2007: Robot Soccer World Cup XI},
  pages={113--123},
  year={2008},
  publisher={Springer}
}

@article{lotzsch2004designing,
  title={Designing agent behavior with the extensible agent behavior
specification language XABSL},
  author={L{\"o}tzsch, M. and Bach, J. and Burkhard, H.D. and J{\"u}ngel, M.},
  journal={RoboCup 2003: Robot Soccer World Cup VII},
  pages={114--124},
  year={2004},
  publisher={Springer}
}

@inproceedings{loetzsch2006xabsl,
  title={XABSL - a pragmatic approach to behavior engineering},
  author={Loetzsch, M. and Risler, M. and Jungel, M.},
  booktitle={Intelligent Robots and Systems, 2006 IEEE/RSJ International
Conference on},
  pages={5124--5129},
  year={2006},
  organization={IEEE}
}

@article{mataric1992integration,
  title={Integration of representation into goal-driven behavior-based robots},
  author={Mataric, M.J.},
  journal={Robotics and Automation, IEEE Transactions on},
  volume={8},
  number={3},
  pages={304--312},
  year={1992},
  publisher={IEEE}
}

@article{seraji2002behavior,
  title={Behavior-based robot navigation on challenging terrain: A fuzzy logic
approach},
  author={Seraji, H. and Howard, A.},
  journal={Robotics and Automation, IEEE Transactions on},
  volume={18},
  number={3},
  pages={308--321},
  year={2002},
  publisher={IEEE}
}

@unpublished{dehoog2011role,
  title={Role-Based Multi-Robot Exploration},
  author={de Hoog, J.},
  year={2011},
  pages={1--198},
  note={never published}
}

@article{balch1998behavior,
  title={Behavior-based formation control for multirobot teams},
  author={Balch, T. and Arkin, R.C.},
  journal={Robotics and Automation, IEEE Transactions on},
  volume={14},
  number={6},
  pages={926--939},
  year={1998},
  publisher={IEEE}
}
