@article{slamet2006manifoldslam,
  title={Manifoldslam: a multi-agent simultaneous localization and mapping system for the robocup rescue virtual robots competition},
  author={Slamet, B. and Pfingsthorn, M.},
  journal={Master thesis in Artificial Intelligence at the Universiteit van Amsterdam},
  volume={11},
  year={2006}
}

@article{visser2008beyond,
  title={Beyond frontier exploration},
  author={Visser, A. and Van Ittersum, M. and Gonz{\'a}lez Jaime, L. and Stancu,
L.},
  journal={RoboCup 2007: Robot Soccer World Cup XI},
  pages={113--123},
  year={2008},
  publisher={Springer}
}

@article{lotzsch2004designing,
  title={Designing agent behavior with the extensible agent behavior
specification language XABSL},
  author={L{\"o}tzsch, M. and Bach, J. and Burkhard, H.D. and J{\"u}ngel, M.},
  journal={RoboCup 2003: Robot Soccer World Cup VII},
  pages={114--124},
  year={2004},
  publisher={Springer}
}

@phdthesis{loetzsch2004xabsl,
  title={XABSL-a behavior engineering system for autonomous agents},
  author={L{\"o}tzsch, M. and L{\"o}tzsch, M. and Bach, J. and Burkhard, H.D.
and J{\"u}ngel, M. and L{\"o}tzsch, M. and Risler, M. and J{\"u}ngel, M. and
Risler, M. and von Stryk, O. and others},
  year={2004},
  school={Diploma thesis. Humboldt-Universit{\"a}t zu Berlin, 2004. Available
online: http://www. martin-loetzsch. de/papers/diploma-thesis. pdf}
}

@inproceedings{loetzsch2006xabsl,
  title={XABSL - a pragmatic approach to behavior engineering},
  author={Loetzsch, M. and Risler, M. and Jungel, M.},
  booktitle={Intelligent Robots and Systems, 2006 IEEE/RSJ International
Conference on},
  pages={5124--5129},
  year={2006},
  organization={IEEE}
}

@article{mataric1992integration,
  title={Integration of representation into goal-driven behavior-based robots},
  author={Mataric, M.J.},
  journal={Robotics and Automation, IEEE Transactions on},
  volume={8},
  number={3},
  pages={304--312},
  year={1992},
  publisher={IEEE}
}

@article{seraji2002behavior,
  title={Behavior-based robot navigation on challenging terrain: A fuzzy logic
approach},
  author={Seraji, H. and Howard, A.},
  journal={Robotics and Automation, IEEE Transactions on},
  volume={18},
  number={3},
  pages={308--321},
  year={2002},
  publisher={IEEE}
}

@phdthesis{dehoog2011role,
  title={Role-Based Multi-Robot Exploration},
  author={de Hoog, J.},
  year={2011},
  pages={1--198},
}

@article{balch1998behavior,
  title={Behavior-based formation control for multirobot teams},
  author={Balch, T. and Arkin, R.C.},
  journal={Robotics and Automation, IEEE Transactions on},
  volume={14},
  number={6},
  pages={926--939},
  year={1998},
  publisher={IEEE}
}

@inproceedings{brom2006posh,
  title={Posh tools for game agent development by students and non-programmers},
  author={Brom, C. and Gemrot, J. and B{\i}da, M. and Burkert, O. and
Partington, S.J. and Bryson, J.J.},
  booktitle={The Nineth International Computer Games Conference: AI, Mobile,
Educational and Serious Games},
  pages={126--133},
  year={2006}
}

@article{brooks1986robust,
  title={A robust layered control system for a mobile robot},
  author={Brooks, R.},
  journal={Robotics and Automation, IEEE Journal of},
  volume={2},
  number={1},
  pages={14--23},
  year={1986},
  publisher={IEEE}
}

@article{ziparo2011petri,
  title={Petri net plans},
  author={Ziparo, V.A. and Iocchi, L. and Lima, P.U. and Nardi, D. and Palamara,
PF},
  journal={Autonomous Agents and Multi-Agent Systems},
  volume={23},
  number={3},
  pages={344--383},
  year={2011},
  publisher={Springer}
}

@inproceedings{konolige1997colbert,
  title={Colbert: A language for reactive control in sapphira},
  author={Konolige, K.},
  booktitle={KI-97: Advances in Artificial Intelligence},
  pages={31--52},
  year={1997},
  organization={Springer}
}

@article{esparza1994decidability,
  title={Decidability issues for Petri nets},
  author={Esparza, J. and Nielsen, M.},
  journal={Petri nets newsletter},
  volume={94},
  pages={5--23},
  year={1994}
}

@inproceedings{mayr1981algorithm,
  title={An algorithm for the general Petri net reachability problem},
  author={Mayr, E.W.},
  booktitle={Proceedings of the thirteenth annual ACM symposium on Theory of
computing},
  pages={238--246},
  year={1981},
  organization={ACM}
}

@inproceedings{alur1998model,
  title={Model checking of hierarchical state machines},
  author={Alur, R. and Yannakakis, M.},
  booktitle={ACM SIGSOFT Software Engineering Notes},
  volume={23},
  number={6},
  pages={175--188},
  year={1998},
  organization={ACM}
}
